%YAML 1.1
%TAG !u! tag:unity3d.com,2011:
--- !u!1 &5430161659202606112
GameObject:
  m_ObjectHideFlags: 0
  m_CorrespondingSourceObject: {fileID: 0}
  m_PrefabInstance: {fileID: 0}
  m_PrefabAsset: {fileID: 0}
  serializedVersion: 6
  m_Component:
  - component: {fileID: 6198760806872780627}
  - component: {fileID: 4452806009491390546}
  - component: {fileID: 2209843279536033980}
  - component: {fileID: 6741540453158048520}
  - component: {fileID: 4934369253010625930}
  - component: {fileID: 3446096938764181716}
  - component: {fileID: 947673951152420792}
  m_Layer: 0
  m_Name: Enemy Sam
  m_TagString: Target
  m_Icon: {fileID: 0}
  m_NavMeshLayer: 0
  m_StaticEditorFlags: 0
  m_IsActive: 1
--- !u!4 &6198760806872780627
Transform:
  m_ObjectHideFlags: 0
  m_CorrespondingSourceObject: {fileID: 0}
  m_PrefabInstance: {fileID: 0}
  m_PrefabAsset: {fileID: 0}
  m_GameObject: {fileID: 5430161659202606112}
  m_LocalRotation: {x: 0, y: 0, z: 0, w: 1}
  m_LocalPosition: {x: 36.6, y: 1.65, z: 23.4}
  m_LocalScale: {x: 1, y: 1, z: 1}
  m_Children:
  - {fileID: 8386334084282710302}
  m_Father: {fileID: 0}
  m_RootOrder: 0
  m_LocalEulerAnglesHint: {x: 0, y: 0, z: 0}
--- !u!114 &4452806009491390546
MonoBehaviour:
  m_ObjectHideFlags: 0
  m_CorrespondingSourceObject: {fileID: 0}
  m_PrefabInstance: {fileID: 0}
  m_PrefabAsset: {fileID: 0}
  m_GameObject: {fileID: 5430161659202606112}
  m_Enabled: 1
  m_EditorHideFlags: 0
  m_Script: {fileID: 11500000, guid: c803edda270060b40a584af88f292bb4, type: 3}
  m_Name: 
  m_EditorClassIdentifier: 
  enemy: {fileID: 0}
  player: {fileID: 0}
  avoidExitTime: 0
  stateEnterTime: 0
  currentPoint: 0
  closeEnough: 2
  larryGiveUp: 0
  isForward: 0
  aMode: 3
  pMode: 0
  fireRange: 4
  homePos: {fileID: 0}
--- !u!114 &2209843279536033980
MonoBehaviour:
  m_ObjectHideFlags: 0
  m_CorrespondingSourceObject: {fileID: 0}
  m_PrefabInstance: {fileID: 0}
  m_PrefabAsset: {fileID: 0}
  m_GameObject: {fileID: 5430161659202606112}
  m_Enabled: 1
  m_EditorHideFlags: 0
  m_Script: {fileID: 11500000, guid: a5336be3e1486bf489198a3e91170543, type: 3}
  m_Name: 
  m_EditorClassIdentifier: 
  pMover: {fileID: 0}
  tf: {fileID: 0}
  sense: {fileID: 0}
  behavior: {fileID: 0}
  noise: {fileID: 0}
  healthPts: {fileID: 0}
  forwardSpeed: 1
  backwardSpeed: 0.5
  rotateSpeed: 50
  moveNoise: 0
  isVisible: 0
  playerScore: 0
  lives: 3
  health: 50
  maxHealth: 50
  isEnemy: 1
  bullet: {fileID: 8576372765874220540, guid: 446fc87617bfd6a4d87ed16ea71b708d, type: 3}
  bulletSpawn: {fileID: 2241991604910594926}
  nextFire: 0
  fireRate: 2
  scoreText: {fileID: 0}
  livesText: {fileID: 0}
  gameOverText: {fileID: 0}
--- !u!143 &6741540453158048520
CharacterController:
  m_ObjectHideFlags: 0
  m_CorrespondingSourceObject: {fileID: 0}
  m_PrefabInstance: {fileID: 0}
  m_PrefabAsset: {fileID: 0}
  m_GameObject: {fileID: 5430161659202606112}
  m_Material: {fileID: 0}
  m_IsTrigger: 0
  m_Enabled: 1
  serializedVersion: 2
  m_Height: 2
  m_Radius: 0.5
  m_SlopeLimit: 45
  m_StepOffset: 0.3
  m_SkinWidth: 0.08
  m_MinMoveDistance: 0.001
  m_Center: {x: 0, y: 0, z: 0}
--- !u!114 &4934369253010625930
MonoBehaviour:
  m_ObjectHideFlags: 0
  m_CorrespondingSourceObject: {fileID: 0}
  m_PrefabInstance: {fileID: 0}
  m_PrefabAsset: {fileID: 0}
  m_GameObject: {fileID: 5430161659202606112}
  m_Enabled: 1
  m_EditorHideFlags: 0
  m_Script: {fileID: 11500000, guid: 86f3683f7d87db94aae82b61dfc2d6c6, type: 3}
  m_Name: 
  m_EditorClassIdentifier: 
  bList: 3
--- !u!114 &3446096938764181716
MonoBehaviour:
  m_ObjectHideFlags: 0
  m_CorrespondingSourceObject: {fileID: 0}
  m_PrefabInstance: {fileID: 0}
  m_PrefabAsset: {fileID: 0}
  m_GameObject: {fileID: 5430161659202606112}
  m_Enabled: 1
  m_EditorHideFlags: 0
  m_Script: {fileID: 11500000, guid: 64bf7548f7743a44f96042001255d928, type: 3}
  m_Name: 
  m_EditorClassIdentifier: 
  cControl: {fileID: 0}
  pawn: {fileID: 0}
--- !u!114 &947673951152420792
MonoBehaviour:
  m_ObjectHideFlags: 0
  m_CorrespondingSourceObject: {fileID: 0}
  m_PrefabInstance: {fileID: 0}
  m_PrefabAsset: {fileID: 0}
  m_GameObject: {fileID: 5430161659202606112}
  m_Enabled: 1
  m_EditorHideFlags: 0
  m_Script: {fileID: 11500000, guid: 01347640eabe80444a30a01f92974186, type: 3}
  m_Name: 
  m_EditorClassIdentifier: 
  viewDistance: 10
  fov: 60
  hearDistance: 3
  enemy: {fileID: 0}
  player: {fileID: 0}
--- !u!1001 &1825614111264098183
PrefabInstance:
  m_ObjectHideFlags: 0
  serializedVersion: 2
  m_Modification:
    m_TransformParent: {fileID: 6198760806872780627}
    m_Modifications:
    - target: {fileID: 7870000999073431194, guid: 635a15cfa6212e54ca35b667928a6a68,
        type: 3}
      propertyPath: m_Name
      value: Enemy Visuals
      objectReference: {fileID: 0}
    - target: {fileID: 7870000999073431193, guid: 635a15cfa6212e54ca35b667928a6a68,
        type: 3}
      propertyPath: m_LocalPosition.x
      value: 0
      objectReference: {fileID: 0}
    - target: {fileID: 7870000999073431193, guid: 635a15cfa6212e54ca35b667928a6a68,
        type: 3}
      propertyPath: m_LocalPosition.y
      value: 0
      objectReference: {fileID: 0}
    - target: {fileID: 7870000999073431193, guid: 635a15cfa6212e54ca35b667928a6a68,
        type: 3}
      propertyPath: m_LocalPosition.z
      value: 0
      objectReference: {fileID: 0}
    - target: {fileID: 7870000999073431193, guid: 635a15cfa6212e54ca35b667928a6a68,
        type: 3}
      propertyPath: m_LocalRotation.x
      value: 0
      objectReference: {fileID: 0}
    - target: {fileID: 7870000999073431193, guid: 635a15cfa6212e54ca35b667928a6a68,
        type: 3}
      propertyPath: m_LocalRotation.y
      value: 0
      objectReference: {fileID: 0}
    - target: {fileID: 7870000999073431193, guid: 635a15cfa6212e54ca35b667928a6a68,
        type: 3}
      propertyPath: m_LocalRotation.z
      value: 0
      objectReference: {fileID: 0}
    - target: {fileID: 7870000999073431193, guid: 635a15cfa6212e54ca35b667928a6a68,
        type: 3}
      propertyPath: m_LocalRotation.w
      value: 1
      objectReference: {fileID: 0}
    - target: {fileID: 7870000999073431193, guid: 635a15cfa6212e54ca35b667928a6a68,
        type: 3}
      propertyPath: m_RootOrder
      value: 0
      objectReference: {fileID: 0}
    - target: {fileID: 7870000999073431193, guid: 635a15cfa6212e54ca35b667928a6a68,
        type: 3}
      propertyPath: m_LocalEulerAnglesHint.x
      value: 0
      objectReference: {fileID: 0}
    - target: {fileID: 7870000999073431193, guid: 635a15cfa6212e54ca35b667928a6a68,
        type: 3}
      propertyPath: m_LocalEulerAnglesHint.y
      value: 0
      objectReference: {fileID: 0}
    - target: {fileID: 7870000999073431193, guid: 635a15cfa6212e54ca35b667928a6a68,
        type: 3}
      propertyPath: m_LocalEulerAnglesHint.z
      value: 0
      objectReference: {fileID: 0}
    m_RemovedComponents: []
  m_SourcePrefab: {fileID: 100100000, guid: 635a15cfa6212e54ca35b667928a6a68, type: 3}
--- !u!4 &8386334084282710302 stripped
Transform:
  m_CorrespondingSourceObject: {fileID: 7870000999073431193, guid: 635a15cfa6212e54ca35b667928a6a68,
    type: 3}
  m_PrefabInstance: {fileID: 1825614111264098183}
  m_PrefabAsset: {fileID: 0}
--- !u!1 &2241991604910594926 stripped
GameObject:
  m_CorrespondingSourceObject: {fileID: 452828507652545769, guid: 635a15cfa6212e54ca35b667928a6a68,
    type: 3}
  m_PrefabInstance: {fileID: 1825614111264098183}
  m_PrefabAsset: {fileID: 0}
