%YAML 1.1
%TAG !u! tag:unity3d.com,2011:
--- !u!1 &1170540581356059621
GameObject:
  m_ObjectHideFlags: 0
  m_CorrespondingSourceObject: {fileID: 0}
  m_PrefabInstance: {fileID: 0}
  m_PrefabAsset: {fileID: 0}
  serializedVersion: 6
  m_Component:
  - component: {fileID: 1170540581356059618}
  - component: {fileID: 1170540581356059616}
  - component: {fileID: 1170540581356059619}
  m_Layer: 0
  m_Name: Grass 1
  m_TagString: Untagged
  m_Icon: {fileID: 0}
  m_NavMeshLayer: 0
  m_StaticEditorFlags: 0
  m_IsActive: 1
--- !u!4 &1170540581356059618
Transform:
  m_ObjectHideFlags: 0
  m_CorrespondingSourceObject: {fileID: 0}
  m_PrefabInstance: {fileID: 0}
  m_PrefabAsset: {fileID: 0}
  m_GameObject: {fileID: 1170540581356059621}
  m_LocalRotation: {x: -0, y: -0, z: -0, w: 1}
  m_LocalPosition: {x: -4.98, y: 0.45, z: -2.07}
  m_LocalScale: {x: 1, y: 1, z: 1}
  m_Children:
  - {fileID: 1170540580807050342}
  - {fileID: 2495580663559349198}
  - {fileID: 2495580663073800565}
  - {fileID: 2495580664627949205}
  - {fileID: 2495580663822535232}
  m_Father: {fileID: 0}
  m_RootOrder: 0
  m_LocalEulerAnglesHint: {x: 0, y: 0, z: 0}
--- !u!65 &1170540581356059616
BoxCollider:
  m_ObjectHideFlags: 0
  m_CorrespondingSourceObject: {fileID: 0}
  m_PrefabInstance: {fileID: 0}
  m_PrefabAsset: {fileID: 0}
  m_GameObject: {fileID: 1170540581356059621}
  m_Material: {fileID: 0}
  m_IsTrigger: 1
  m_Enabled: 1
  serializedVersion: 2
  m_Size: {x: 3.53971, y: 3.178196, z: 2.419066}
  m_Center: {x: -0.18426752, y: 1.089098, z: 0.709533}
--- !u!114 &1170540581356059619
MonoBehaviour:
  m_ObjectHideFlags: 0
  m_CorrespondingSourceObject: {fileID: 0}
  m_PrefabInstance: {fileID: 0}
  m_PrefabAsset: {fileID: 0}
  m_GameObject: {fileID: 1170540581356059621}
  m_Enabled: 1
  m_EditorHideFlags: 0
  m_Script: {fileID: 11500000, guid: 394f177c7b4785949a94022af8bce740, type: 3}
  m_Name: 
  m_EditorClassIdentifier: 
--- !u!1001 &1170540579533412875
PrefabInstance:
  m_ObjectHideFlags: 0
  serializedVersion: 2
  m_Modification:
    m_TransformParent: {fileID: 1170540581356059618}
    m_Modifications:
    - target: {fileID: 3646944901901300865, guid: f4aeac336352f724aaafc816ae432320,
        type: 3}
      propertyPath: m_Name
      value: Grass Patch (3)
      objectReference: {fileID: 0}
    - target: {fileID: 3646944901901300894, guid: f4aeac336352f724aaafc816ae432320,
        type: 3}
      propertyPath: m_LocalPosition.x
      value: -0.12
      objectReference: {fileID: 0}
    - target: {fileID: 3646944901901300894, guid: f4aeac336352f724aaafc816ae432320,
        type: 3}
      propertyPath: m_LocalPosition.y
      value: 0
      objectReference: {fileID: 0}
    - target: {fileID: 3646944901901300894, guid: f4aeac336352f724aaafc816ae432320,
        type: 3}
      propertyPath: m_LocalPosition.z
      value: -0.42
      objectReference: {fileID: 0}
    - target: {fileID: 3646944901901300894, guid: f4aeac336352f724aaafc816ae432320,
        type: 3}
      propertyPath: m_LocalRotation.x
      value: 0
      objectReference: {fileID: 0}
    - target: {fileID: 3646944901901300894, guid: f4aeac336352f724aaafc816ae432320,
        type: 3}
      propertyPath: m_LocalRotation.y
      value: 0
      objectReference: {fileID: 0}
    - target: {fileID: 3646944901901300894, guid: f4aeac336352f724aaafc816ae432320,
        type: 3}
      propertyPath: m_LocalRotation.z
      value: 0
      objectReference: {fileID: 0}
    - target: {fileID: 3646944901901300894, guid: f4aeac336352f724aaafc816ae432320,
        type: 3}
      propertyPath: m_LocalRotation.w
      value: 1
      objectReference: {fileID: 0}
    - target: {fileID: 3646944901901300894, guid: f4aeac336352f724aaafc816ae432320,
        type: 3}
      propertyPath: m_RootOrder
      value: 3
      objectReference: {fileID: 0}
    - target: {fileID: 3646944901901300894, guid: f4aeac336352f724aaafc816ae432320,
        type: 3}
      propertyPath: m_LocalEulerAnglesHint.x
      value: 0
      objectReference: {fileID: 0}
    - target: {fileID: 3646944901901300894, guid: f4aeac336352f724aaafc816ae432320,
        type: 3}
      propertyPath: m_LocalEulerAnglesHint.y
      value: 0
      objectReference: {fileID: 0}
    - target: {fileID: 3646944901901300894, guid: f4aeac336352f724aaafc816ae432320,
        type: 3}
      propertyPath: m_LocalEulerAnglesHint.z
      value: 0
      objectReference: {fileID: 0}
    m_RemovedComponents: []
  m_SourcePrefab: {fileID: 100100000, guid: f4aeac336352f724aaafc816ae432320, type: 3}
--- !u!4 &2495580664627949205 stripped
Transform:
  m_CorrespondingSourceObject: {fileID: 3646944901901300894, guid: f4aeac336352f724aaafc816ae432320,
    type: 3}
  m_PrefabInstance: {fileID: 1170540579533412875}
  m_PrefabAsset: {fileID: 0}
--- !u!1001 &1170540580618786640
PrefabInstance:
  m_ObjectHideFlags: 0
  serializedVersion: 2
  m_Modification:
    m_TransformParent: {fileID: 1170540581356059618}
    m_Modifications:
    - target: {fileID: 3646944901901300865, guid: f4aeac336352f724aaafc816ae432320,
        type: 3}
      propertyPath: m_Name
      value: Grass Patch (1)
      objectReference: {fileID: 0}
    - target: {fileID: 3646944901901300894, guid: f4aeac336352f724aaafc816ae432320,
        type: 3}
      propertyPath: m_LocalPosition.x
      value: 0
      objectReference: {fileID: 0}
    - target: {fileID: 3646944901901300894, guid: f4aeac336352f724aaafc816ae432320,
        type: 3}
      propertyPath: m_LocalPosition.y
      value: 0
      objectReference: {fileID: 0}
    - target: {fileID: 3646944901901300894, guid: f4aeac336352f724aaafc816ae432320,
        type: 3}
      propertyPath: m_LocalPosition.z
      value: 0.44
      objectReference: {fileID: 0}
    - target: {fileID: 3646944901901300894, guid: f4aeac336352f724aaafc816ae432320,
        type: 3}
      propertyPath: m_LocalRotation.x
      value: 0
      objectReference: {fileID: 0}
    - target: {fileID: 3646944901901300894, guid: f4aeac336352f724aaafc816ae432320,
        type: 3}
      propertyPath: m_LocalRotation.y
      value: 0
      objectReference: {fileID: 0}
    - target: {fileID: 3646944901901300894, guid: f4aeac336352f724aaafc816ae432320,
        type: 3}
      propertyPath: m_LocalRotation.z
      value: 0
      objectReference: {fileID: 0}
    - target: {fileID: 3646944901901300894, guid: f4aeac336352f724aaafc816ae432320,
        type: 3}
      propertyPath: m_LocalRotation.w
      value: 1
      objectReference: {fileID: 0}
    - target: {fileID: 3646944901901300894, guid: f4aeac336352f724aaafc816ae432320,
        type: 3}
      propertyPath: m_RootOrder
      value: 1
      objectReference: {fileID: 0}
    - target: {fileID: 3646944901901300894, guid: f4aeac336352f724aaafc816ae432320,
        type: 3}
      propertyPath: m_LocalEulerAnglesHint.x
      value: 0
      objectReference: {fileID: 0}
    - target: {fileID: 3646944901901300894, guid: f4aeac336352f724aaafc816ae432320,
        type: 3}
      propertyPath: m_LocalEulerAnglesHint.y
      value: 0
      objectReference: {fileID: 0}
    - target: {fileID: 3646944901901300894, guid: f4aeac336352f724aaafc816ae432320,
        type: 3}
      propertyPath: m_LocalEulerAnglesHint.z
      value: 0
      objectReference: {fileID: 0}
    m_RemovedComponents: []
  m_SourcePrefab: {fileID: 100100000, guid: f4aeac336352f724aaafc816ae432320, type: 3}
--- !u!4 &2495580663559349198 stripped
Transform:
  m_CorrespondingSourceObject: {fileID: 3646944901901300894, guid: f4aeac336352f724aaafc816ae432320,
    type: 3}
  m_PrefabInstance: {fileID: 1170540580618786640}
  m_PrefabAsset: {fileID: 0}
--- !u!1001 &1170540580875697886
PrefabInstance:
  m_ObjectHideFlags: 0
  serializedVersion: 2
  m_Modification:
    m_TransformParent: {fileID: 1170540581356059618}
    m_Modifications:
    - target: {fileID: 3646944901901300865, guid: f4aeac336352f724aaafc816ae432320,
        type: 3}
      propertyPath: m_Name
      value: Grass Patch (4)
      objectReference: {fileID: 0}
    - target: {fileID: 3646944901901300894, guid: f4aeac336352f724aaafc816ae432320,
        type: 3}
      propertyPath: m_LocalPosition.x
      value: 0.58
      objectReference: {fileID: 0}
    - target: {fileID: 3646944901901300894, guid: f4aeac336352f724aaafc816ae432320,
        type: 3}
      propertyPath: m_LocalPosition.y
      value: 0
      objectReference: {fileID: 0}
    - target: {fileID: 3646944901901300894, guid: f4aeac336352f724aaafc816ae432320,
        type: 3}
      propertyPath: m_LocalPosition.z
      value: 0
      objectReference: {fileID: 0}
    - target: {fileID: 3646944901901300894, guid: f4aeac336352f724aaafc816ae432320,
        type: 3}
      propertyPath: m_LocalRotation.x
      value: 0
      objectReference: {fileID: 0}
    - target: {fileID: 3646944901901300894, guid: f4aeac336352f724aaafc816ae432320,
        type: 3}
      propertyPath: m_LocalRotation.y
      value: 0
      objectReference: {fileID: 0}
    - target: {fileID: 3646944901901300894, guid: f4aeac336352f724aaafc816ae432320,
        type: 3}
      propertyPath: m_LocalRotation.z
      value: 0
      objectReference: {fileID: 0}
    - target: {fileID: 3646944901901300894, guid: f4aeac336352f724aaafc816ae432320,
        type: 3}
      propertyPath: m_LocalRotation.w
      value: 1
      objectReference: {fileID: 0}
    - target: {fileID: 3646944901901300894, guid: f4aeac336352f724aaafc816ae432320,
        type: 3}
      propertyPath: m_RootOrder
      value: 4
      objectReference: {fileID: 0}
    - target: {fileID: 3646944901901300894, guid: f4aeac336352f724aaafc816ae432320,
        type: 3}
      propertyPath: m_LocalEulerAnglesHint.x
      value: 0
      objectReference: {fileID: 0}
    - target: {fileID: 3646944901901300894, guid: f4aeac336352f724aaafc816ae432320,
        type: 3}
      propertyPath: m_LocalEulerAnglesHint.y
      value: 0
      objectReference: {fileID: 0}
    - target: {fileID: 3646944901901300894, guid: f4aeac336352f724aaafc816ae432320,
        type: 3}
      propertyPath: m_LocalEulerAnglesHint.z
      value: 0
      objectReference: {fileID: 0}
    m_RemovedComponents: []
  m_SourcePrefab: {fileID: 100100000, guid: f4aeac336352f724aaafc816ae432320, type: 3}
--- !u!4 &2495580663822535232 stripped
Transform:
  m_CorrespondingSourceObject: {fileID: 3646944901901300894, guid: f4aeac336352f724aaafc816ae432320,
    type: 3}
  m_PrefabInstance: {fileID: 1170540580875697886}
  m_PrefabAsset: {fileID: 0}
--- !u!1001 &1170540581238519275
PrefabInstance:
  m_ObjectHideFlags: 0
  serializedVersion: 2
  m_Modification:
    m_TransformParent: {fileID: 1170540581356059618}
    m_Modifications:
    - target: {fileID: 3646944901901300865, guid: f4aeac336352f724aaafc816ae432320,
        type: 3}
      propertyPath: m_Name
      value: Grass Patch (2)
      objectReference: {fileID: 0}
    - target: {fileID: 3646944901901300894, guid: f4aeac336352f724aaafc816ae432320,
        type: 3}
      propertyPath: m_LocalPosition.x
      value: -1.2
      objectReference: {fileID: 0}
    - target: {fileID: 3646944901901300894, guid: f4aeac336352f724aaafc816ae432320,
        type: 3}
      propertyPath: m_LocalPosition.y
      value: 0
      objectReference: {fileID: 0}
    - target: {fileID: 3646944901901300894, guid: f4aeac336352f724aaafc816ae432320,
        type: 3}
      propertyPath: m_LocalPosition.z
      value: -0.16
      objectReference: {fileID: 0}
    - target: {fileID: 3646944901901300894, guid: f4aeac336352f724aaafc816ae432320,
        type: 3}
      propertyPath: m_LocalRotation.x
      value: 0
      objectReference: {fileID: 0}
    - target: {fileID: 3646944901901300894, guid: f4aeac336352f724aaafc816ae432320,
        type: 3}
      propertyPath: m_LocalRotation.y
      value: 0
      objectReference: {fileID: 0}
    - target: {fileID: 3646944901901300894, guid: f4aeac336352f724aaafc816ae432320,
        type: 3}
      propertyPath: m_LocalRotation.z
      value: 0
      objectReference: {fileID: 0}
    - target: {fileID: 3646944901901300894, guid: f4aeac336352f724aaafc816ae432320,
        type: 3}
      propertyPath: m_LocalRotation.w
      value: 1
      objectReference: {fileID: 0}
    - target: {fileID: 3646944901901300894, guid: f4aeac336352f724aaafc816ae432320,
        type: 3}
      propertyPath: m_RootOrder
      value: 2
      objectReference: {fileID: 0}
    - target: {fileID: 3646944901901300894, guid: f4aeac336352f724aaafc816ae432320,
        type: 3}
      propertyPath: m_LocalEulerAnglesHint.x
      value: 0
      objectReference: {fileID: 0}
    - target: {fileID: 3646944901901300894, guid: f4aeac336352f724aaafc816ae432320,
        type: 3}
      propertyPath: m_LocalEulerAnglesHint.y
      value: 0
      objectReference: {fileID: 0}
    - target: {fileID: 3646944901901300894, guid: f4aeac336352f724aaafc816ae432320,
        type: 3}
      propertyPath: m_LocalEulerAnglesHint.z
      value: 0
      objectReference: {fileID: 0}
    m_RemovedComponents: []
  m_SourcePrefab: {fileID: 100100000, guid: f4aeac336352f724aaafc816ae432320, type: 3}
--- !u!4 &2495580663073800565 stripped
Transform:
  m_CorrespondingSourceObject: {fileID: 3646944901901300894, guid: f4aeac336352f724aaafc816ae432320,
    type: 3}
  m_PrefabInstance: {fileID: 1170540581238519275}
  m_PrefabAsset: {fileID: 0}
--- !u!1001 &2495580663748538616
PrefabInstance:
  m_ObjectHideFlags: 0
  serializedVersion: 2
  m_Modification:
    m_TransformParent: {fileID: 1170540581356059618}
    m_Modifications:
    - target: {fileID: 3646944901901300865, guid: f4aeac336352f724aaafc816ae432320,
        type: 3}
      propertyPath: m_Name
      value: Grass Patch
      objectReference: {fileID: 0}
    - target: {fileID: 3646944901901300894, guid: f4aeac336352f724aaafc816ae432320,
        type: 3}
      propertyPath: m_LocalPosition.x
      value: -0.73
      objectReference: {fileID: 0}
    - target: {fileID: 3646944901901300894, guid: f4aeac336352f724aaafc816ae432320,
        type: 3}
      propertyPath: m_LocalPosition.y
      value: 0
      objectReference: {fileID: 0}
    - target: {fileID: 3646944901901300894, guid: f4aeac336352f724aaafc816ae432320,
        type: 3}
      propertyPath: m_LocalPosition.z
      value: 0.64
      objectReference: {fileID: 0}
    - target: {fileID: 3646944901901300894, guid: f4aeac336352f724aaafc816ae432320,
        type: 3}
      propertyPath: m_LocalRotation.x
      value: -0
      objectReference: {fileID: 0}
    - target: {fileID: 3646944901901300894, guid: f4aeac336352f724aaafc816ae432320,
        type: 3}
      propertyPath: m_LocalRotation.y
      value: -0
      objectReference: {fileID: 0}
    - target: {fileID: 3646944901901300894, guid: f4aeac336352f724aaafc816ae432320,
        type: 3}
      propertyPath: m_LocalRotation.z
      value: -0
      objectReference: {fileID: 0}
    - target: {fileID: 3646944901901300894, guid: f4aeac336352f724aaafc816ae432320,
        type: 3}
      propertyPath: m_LocalRotation.w
      value: 1
      objectReference: {fileID: 0}
    - target: {fileID: 3646944901901300894, guid: f4aeac336352f724aaafc816ae432320,
        type: 3}
      propertyPath: m_RootOrder
      value: 0
      objectReference: {fileID: 0}
    - target: {fileID: 3646944901901300894, guid: f4aeac336352f724aaafc816ae432320,
        type: 3}
      propertyPath: m_LocalEulerAnglesHint.x
      value: 0
      objectReference: {fileID: 0}
    - target: {fileID: 3646944901901300894, guid: f4aeac336352f724aaafc816ae432320,
        type: 3}
      propertyPath: m_LocalEulerAnglesHint.y
      value: 0
      objectReference: {fileID: 0}
    - target: {fileID: 3646944901901300894, guid: f4aeac336352f724aaafc816ae432320,
        type: 3}
      propertyPath: m_LocalEulerAnglesHint.z
      value: 0
      objectReference: {fileID: 0}
    m_RemovedComponents: []
  m_SourcePrefab: {fileID: 100100000, guid: f4aeac336352f724aaafc816ae432320, type: 3}
--- !u!4 &1170540580807050342 stripped
Transform:
  m_CorrespondingSourceObject: {fileID: 3646944901901300894, guid: f4aeac336352f724aaafc816ae432320,
    type: 3}
  m_PrefabInstance: {fileID: 2495580663748538616}
  m_PrefabAsset: {fileID: 0}
